<record><leader>00000cas a22000007a 4500</leader><controlfield tag="001">21316373</controlfield><controlfield tag="008">900403d19071913nyudn ne      0    0eng d</controlfield><datafield ind1=" " ind2=" " tag="010"><subfield code="a">sn 90066141 </subfield></datafield><datafield ind1=" " ind2=" " tag="040"><subfield code="a">NYG</subfield><subfield code="b">eng</subfield><subfield code="c">NYG</subfield><subfield code="d">NYS</subfield><subfield code="d">OCLCQ</subfield></datafield><datafield ind1=" " ind2=" " tag="042"><subfield code="a">msc</subfield></datafield><datafield ind1="0" ind2=" " tag="130"><subfield code="a">Glens Falls daily times (Glens Falls, N.Y. : 1907)</subfield></datafield><datafield ind1="1" ind2="0" tag="245"><subfield code="a">Glens Falls daily times.</subfield></datafield><datafield ind1=" " ind2=" " tag="260"><subfield code="a">Glens Falls, N.Y. :</subfield><subfield code="b">Glens Falls Pub. Co.,</subfield><subfield code="c">1907-1913.</subfield></datafield><datafield ind1=" " ind2=" " tag="300"><subfield code="a">v.</subfield></datafield><datafield ind1=" " ind2=" " tag="310"><subfield code="a">Daily (except Sunday)</subfield></datafield><datafield ind1="0" ind2=" " tag="362"><subfield code="a">Vol. [29], no. 17 (Jan. 21, 1907)-v. 24 [i.e. 34], no. 114 (May 16, 1913).</subfield></datafield><datafield ind1=" " ind2=" " tag="515"><subfield code="a">Vol. numbering irregular.</subfield></datafield><datafield ind1=" " ind2="4" tag="651"><subfield code="a">Glens Falls (N.Y.)</subfield><subfield code="v">Newspapers.</subfield></datafield><datafield ind1=" " ind2=" " tag="752"><subfield code="a">United States</subfield><subfield code="b">New York</subfield><subfield code="c">Warren</subfield><subfield code="d">Glens Falls.</subfield></datafield><datafield ind1="0" ind2="0" tag="780"><subfield code="t">Glens Falls times (Glens Falls, N.Y. : 1903)</subfield><subfield code="w">(DLC)sn 90066140</subfield><subfield code="w">(OCoLC)21316367</subfield></datafield><datafield ind1="0" ind2="0" tag="785"><subfield code="t">Glens Falls times (Glens Falls, N.Y. : 1913)</subfield><subfield code="w">(DLC)sn 84031317</subfield><subfield code="w">(OCoLC)10840604</subfield></datafield><datafield ind1="1" ind2=" " tag="029"><subfield code="a">AU@</subfield><subfield code="b">000020601009</subfield></datafield></record>